@article{scr2009,
  title={The 2009 simulated car racing championship},
  author={Loiacono, Daniele and Lanzi, Pier Luca and Togelius, Julian and Onieva, Enrique and Pelta, David A and Butz, Martin V and L{\"o}nneker, Thies D and Cardamone, Luigi and Perez, Diego and S{\'a}ez, Yago and others},
  journal={Computational Intelligence and AI in Games, IEEE Transactions on},
  volume={2},
  number={2},
  pages={131--147},
  year={2010},
  publisher={IEEE}
}


@inproceedings{cig2012, 
booktitle={Computational Intelligence and Games (CIG), 2012 IEEE Conference on}, 
title={Competitions}, 
year={2012}, 
pages={H1-H2}, 
doi={10.1109/CIG.2012.6374128},
author={Fern{\'a}ndez-Leiva, Antonio J}
}

@ARTICLE{manual,
   author = {{Loiacono}, Daniele and {Cardamone}, Luigi and {Lanzi}, Pier Luca.},
    title = {Simulated Car Racing Championship: Competition Software Manual},
  journal = {ArXiv e-prints},
archivePrefix = "arXiv",
   eprint = {1304.1672},
 primaryClass = "cs.AI",
 keywords = {Computer Science - Artificial Intelligence, Computer Science - Computational Engineering, Finance, and Science},
     year = 2013,
    month = apr,
   adsurl = {http://adsabs.harvard.edu/abs/2013arXiv1304.1672L},
  adsnote = {Provided by the SAO/NASA Astrophysics Data System}
}


@article{cardamone2010,
  title={Learning to drive in the open racing car simulator using online neuroevolution},
  author={Cardamone, Luigi and Loiacono, Daniele and Lanzi, Pier Luca},
  journal={Computational Intelligence and AI in Games, IEEE Transactions on},
  volume={2},
  number={3},
  pages={176--190},
  year={2010},
  publisher={IEEE}
}

@techreport{kamikaze,
	author={Dumitrache, Anca and Kooijman, Jacob and Pascale, Andra},
	title={Implementing Kamikaze Driver},
	institution={Department of Computer Science, Vrije Universiteit Amsterdam},

	year={2011}
}

@inproceedings{mrracer2010,
  title={Learning the track and planning ahead in a car racing controller},
  author={Quadflieg, Jan and Preuss, Mike and Kramer, Oliver and Rudolph, G{\"u}nter},
  booktitle={Computational Intelligence and Games (CIG), 2010 IEEE Symposium on},
  pages={395--402},
  year={2010},
  organization={IEEE}
}


@article{trackgen,
  title={Automatic track generation for high-end racing games using evolutionary computation},
  author={Loiacono, Daniele and Cardamone, Luigi and Lanzi, Pier Luca},
  journal={Computational Intelligence and AI in Games, IEEE Transactions on},
  volume={3},
  number={3},
  pages={245--259},
  year={2011},
  publisher={IEEE}
}

@inproceedings{raceline,
  title={Searching for the optimal racing line using genetic algorithms},
  author={Cardamone, Luigi and Loiacono, Daniele and Lanzi, Pier Luca and Bardelli, Alessandro Pietro},
  booktitle={Computational Intelligence and Games (CIG), 2010 IEEE Symposium on},
  pages={388--394},
  year={2010},
  organization={IEEE}
}

@inproceedings{resumo,
  title={Learning, evolution and adaptation in racing games},
  author={Loiacono, Daniele},
  booktitle={Proceedings of the 9th conference on Computing Frontiers},
  pages={277--284},
  year={2012},
  organization={ACM}
}


@INPROCEEDINGS{carsetup, 
author={Kemmerling, Markus and Preuss, Mike}, 
booktitle={Computational Intelligence and Games (CIG), 2010 IEEE Symposium on}, 
title={Automatic adaptation to generated content via car setup optimization in TORCS}, 
year={2010}, 
pages={131-138}, 
keywords={automobiles;computer games;constraint handling;optimisation;CMA-ES;TORCS;automatic adaptation;car setup optimization;content generation;evolutionary strategy;gray box problem;hard time constraint;noise handling method;Covariance matrix;Gallium;Games;Gears;Humans;Noise;Optimization}, 
doi={10.1109/ITW.2010.5593361}}

@inproceedings{ruido,
  title={Torcs sensor noise removal and multi-objective track selection for driving style adaptation},
  author={Preuss, Mike and Quadflieg, Jan and Rudolph, G{\"u}nter},
  booktitle={Computational Intelligence and Games (CIG), 2011 IEEE Conference on},
  pages={337--344},
  year={2011},
  organization={IEEE}
}

@article{iagames,
year={2008},
issn={1476-8186},
journal={International Journal of Automation and Computing},
volume={5},
number={1},
doi={10.1007/s11633-008-0045-8},
title={Computational intelligence and games: Challenges and opportunities},
url={http://dx.doi.org/10.1007/s11633-008-0045-8},
publisher={Institute of Automation, Chinese Academy of Sciences},
keywords={Games; machine learning; evolution; temporal difference learning (TDL); neural networks; n-tuple systems},
author={Lucas, Simon},
pages={45-57},
language={English}
}

@article{lucas2009,
  title={Computational intelligence and ai in games: a new ieee transactions},
  author={Lucas, Simon},
  journal={IEEE Transactions on Computational Intelligence and AI in Games},
  volume={1},
  number={1},
  pages={1--3},
  year={2009}
}

@inproceedings{overtaking,
  title={Overtaking opponents with blocking strategies using fuzzy logic},
  author={Onieva, Enrique and Cardamone, Luigi and Loiacono, Daniele and Lanzi, Pier Luca},
  booktitle={Computational Intelligence and Games (CIG), 2010 IEEE Symposium on},
  pages={123--130},
  year={2010},
  organization={IEEE}
}

@article{caroptmanual,
  title={Car setup optimization. competition software manual},
  author={Cardamone, Luigi and Loiacono, Daniele and Lanzi, Pier Luca},
  journal={Dipartimento di Elettronica e Informazione, Politecnico di Milano, Italy},
  year={2010}
}

@ARTICLE{autonomous, 
author={Luettel, Thorsten and Himmelsbach, Michael and Wuensche, Hans-Joachim}, 
journal={Proceedings of the IEEE}, 
title={Autonomous Ground Vehicles - Concepts and a Path to the Future}, 
year={2012}, 
volume={100}, 
number={Special Centennial Issue}, 
pages={1831-1839}, 
doi={10.1109/JPROC.2012.2189803}, 
ISSN={0018-9219},}

@article{stanley,
  title={Stanley: The robot that won the DARPA Grand Challenge},
  author={Thrun, Sebastian and Montemerlo, Mike and Dahlkamp, Hendrik and Stavens, David and Aron, Andrei and Diebel, James and Fong, Philip and Gale, John and Halpenny, Morgan and Hoffmann, Gabriel and others},
  journal={Journal of field Robotics},
  volume={23},
  number={9},
  pages={661-692},
  year={2006},
  publisher={Wiley Online Library}
}

@inproceedings{improveracing,
  title={Racing to improve on-line, on-board evolutionary robotics},
  author={Haasdijk, Evert and Atta-ul-Qayyum, Arif and Eiben, Agoston Endre},
  booktitle={Proceedings of the 13th annual conference on Genetic and evolutionary computation},
  pages={187--194},
  year={2011},
  organization={ACM}
}

@book{russell95,
  title={Artificial intelligence: a modern approach},
  author={Russell, Stuart Jonathan and Norvig, Peter},
  year={1995},
  publisher={Prentice hall Englewood Cliffs}
}


@article{revolution,
  title={Self-driving cars: The next revolution},
  author={Silberg, Gary and Wallace, Richard},
  journal={KPMG and Center for Automotive Research},
  pages={10--15},
  year={2012}
}

@inproceedings{vision,
  author={Koutn{\'\i}k, Jan and Cuccu, Giuseppe and Schmidhuber, J{\"u}rgen and Gomez, Faustino},
  booktitle = {GECCO},
  crossref = {conf/gecco/2013},
  ee = {http://doi.acm.org/10.1145/2463372.2463509},
  isbn = {978-1-4503-1963-8},
  keywords = {dblp},
  pages = {1061-1068},
  publisher = {ACM},
  title = {Evolving large-scale neural networks for vision-based reinforcement learning},
  year = {2013}
}



@article{cong,
  title={Os custos dos congestionamentos na capital paulista},
  author={Cintra, Marcos},
  journal={Conjuntura Econ{\^o}mica},
  year={2008},
  volume={61},
  pages={30-33}
}

@article{mobilidade,
  title={Mobilidade urbana nas grandes cidades brasileiras: um estudo sobre os impactos do congestionamento},
  author={Resende, Paulo Tarso Vilela and Sousa, Paulo Renato},
  journal={SIMPOI--Simp{\'o}sio de Administra{\c{c}}{\~a}o da Produ{\c{c}}{\~a}o, Log{\'i}stica e Opera{\c{c}}{\~o}es Internacionais, FGV},
  year={2009}
}